@proceedings{Sibgrapi2014,
	Address = {Rio de Janeiro, Brazil},
	Booktitle = {SIBGRAPI},
	Month = {August},
	Publisher = {{IEEE}},
	Title = {Proceedings of the XXVII Brazilian Symposium on Computer Graphics and Image Processing (SIBGRAPI)},
	Year = {2014},
}
